<?xml version="1.0" encoding="UTF-8"?><record xmlns="http://www.loc.gov/MARC21/slim" xmlns:cinclude="http://apache.org/cocoon/include/1.0" xmlns:zs="http://www.loc.gov/zing/srw/">
  <leader>00458cz  a2200145n  4500</leader>
  <controlfield tag="001">no2004102449</controlfield>
  <controlfield tag="003">DLC</controlfield>
  <controlfield tag="005">20130322102938.0</controlfield>
  <controlfield tag="008">041022n| azannaabn          la ana     c</controlfield>
  <datafield tag="010" ind1=" " ind2=" ">
    <subfield code="a">no2004102449</subfield>
  </datafield>
  <datafield tag="035" ind1=" " ind2=" ">
    <subfield code="a">(OCoLC)oca06475068</subfield>
  </datafield>
  <datafield tag="040" ind1=" " ind2=" ">
    <subfield code="a">StGlUS</subfield>
    <subfield code="b">eng</subfield>
    <subfield code="e">rda</subfield>
    <subfield code="c">StGlUS</subfield>
    <subfield code="d">DLC</subfield>
  </datafield>
  <datafield tag="110" ind1="1" ind2=" ">
    <subfield code="a">Edinburgh (Scotland).</subfield>
    <subfield code="b">Education Department</subfield>
  </datafield>
  <datafield tag="410" ind1="1" ind2=" ">
    <subfield code="w">nnea</subfield>
    <subfield code="a">Edinburgh (Scotland).</subfield>
    <subfield code="b">Education Dept.</subfield>
  </datafield>
  <datafield tag="670" ind1=" " ind2=" ">
    <subfield code="a">Support for learning, 2002:</subfield>
    <subfield code="b">t.p. (Edinburgh Education Dept.)</subfield>
  </datafield>
</record>